@article{ 1,
    title = {Cryptanalysis of PRESENT-like ciphers with secret S-boxes},
    author = {Julia Borghoff Lars R. Knudsen Gregor Leander Soren S. Thomsen},
     year = "2010",
    url = {https://core.ac.uk/download/pdf/189797554.pdf}
}
@article{ 2,
    title = {Lightweight Block Ciphers Revisited: Cryptanalysis of Reduced Round PRESENT and HIGHT},
    author = {Onur ÖzenKerem VarıcıCihangir TezcanÇelebi Kocair},
     year = "2009",
    url = {https://link.springer.com/chapter/10.1007/978-3-642-02620-1_7}
}
@article{ 3,
    title = {Linear Cryptanalysis of Reduced-Round PRESENT},
    author = {Joo Yeon Cho},
     year = "2010",
    url = {https://link.springer.com/chapter/10.1007/978-3-642-11925-5_21}
}
@article{ 4,
    title = {Differential Cryptanalysis of Reduced-Round PRESENT},
    author = {Meiqin Wang},
     year = "2008",
    url = {https://link.springer.com/chapter/10.1007/978-3-540-68164-9_4}
}
@article{ 5,
    title = {PRESENT: An Ultra-Lightweight Block Cipher},
    author = {A. BogdanovL. R. KnudsenG. LeanderC. PaarA. PoschmannM. J. B. RobshawY. SeurinC. Vikkelsoe},
     year = "2007",
    url = {https://link.springer.com/chapter/10.1007/978-3-540-74735-2_31}
}
@article{ 6,
    title = {Lightweight cipher resistivity against brute-force attack: Analysis of PRESENT},
    author = {Jan Pospíšil; Martin Novotný},
     year = "2012",
    url = {https://ieeexplore.ieee.org/abstract/document/6219055}
}
@article{ 7,
    title = {Securing the PRESENT Block Cipher Against Combined Side-Channel Analysis and Fault Attacks},
    author = {Thomas De Cnudde; Svetla Nikova},
     year = "2017",
    url = {https://ieeexplore.ieee.org/abstract/document/7956221}
}
@article{ 8,
    title = {Differential cryptanalysis of PRESENT-like cipher},
    author = {Guo-Qiang Liu, Chen-Hui Jin },
     year = "2014",
    url = {https://link.springer.com/article/10.1007/s10623-014-9965-1}
}
@article{ 9,
    title = {Implementation of the PRESENT-80 block cipher and analysis of its vulnerability to Side Channel Attacks Exploiting Static Power},
    author = {Davide Bellizia; Giuseppe Scotti; Alessandro Trifiletti},
     year = "2016",
    url = {https://ieeexplore.ieee.org/abstract/document/7529734}
}
@article{ 10,
    title = {Weak Keys of Reduced-Round PRESENT for Linear Cryptanalysis},
    author = {Kenji Ohkuma},
    year = "2009",
    url = {https://link.springer.com/chapter/10.1007/978-3-642-05445-7_16}
}
@article{ 11,
    title = {Algebraic attack on PRESENT cipher},
    author = {GE Shi-jing,GU Da-wu,LIU Zhi-qiang,LIU Ya},
    year = "2011",
    url = {http://en.cnki.com.cn/Article_en/CJFDTotal-JSYJ201105085.htm}
}
@article{ 12,
    title = {Hardware lightweight design of PRESENT block cipher},
    author = {G.SravyaaManchalla. O.V.P.KumarbG.Merlin SheebabK.JamalaKiranMannema},
    year = "2020",
    url = {https://www.sciencedirect.com/science/article/pii/S2214785320363070}
}
@article{ 13,
    title = {The resistance of PRESENT-80 against related-key differential attacks},
    author = {Sareh Emami, San Ling, Ivica Nikolić, Josef Pieprzyk, Huaxiong Wang },
    year = "2013",
    url = {https://link.springer.com/article/10.1007/s12095-013-0096-8}
}